@article{tylianakis2010conservation,
  title={Conservation of species interaction networks},
  author={Tylianakis, Jason M and Lalibert{\'e}, Etienne and Nielsen, Anders and Bascompte, Jordi},
  journal={Biological conservation},
  volume={143},
  number={10},
  pages={2270--2279},
  year={2010},
  publisher={Elsevier}
}

@article{morris2010anthropogenic,
  title={Anthropogenic impacts on tropical forest biodiversity: a network structure and ecosystem functioning perspective},
  author={Morris, Rebecca J},
  journal={Philosophical Transactions of the Royal Society B: Biological Sciences},
  volume={365},
  number={1558},
  pages={3709--3718},
  year={2010},
  publisher={The Royal Society}
}

@article{jack2009female,
  title={Female dispersal in a female-philopatric species, Cebus capucinus},
  author={Jack, Katharine M and Fedigan, Linda M},
  journal={Behaviour},
  pages={471--497},
  year={2009},
  publisher={JSTOR}
}

@article{paine1980food,
  title={Food webs: linkage, interaction strength and community infrastructure},
  author={Paine, Robert T},
  journal={The Journal of Animal Ecology},
  pages={667--685},
  year={1980},
  publisher={JSTOR}
}

@article{levin1974dispersion,
  title={Dispersion and population interactions},
  author={Levin, Simon A},
  journal={The American Naturalist},
  volume={108},
  number={960},
  pages={207--228},
  year={1974},
  publisher={University of Chicago Press}
}

@article{diaz2014no,
  title={No sex-biased dispersal in a primate with an uncommon social systemâ€”cooperative polyandry},
  author={D{\'\i}az-Mu{\~n}oz, Samuel L and Ribeiro, {\^A}ngela M},
  journal={PeerJ},
  volume={2},
  pages={e640},
  year={2014},
  publisher={PeerJ Inc.}
}

@article{williamson1989box,
  title={The box plot: a simple visual method to interpret data},
  author={Williamson, David F and Parker, Robert A and Kendrick, Juliette S},
  journal={Annals of internal medicine},
  volume={110},
  number={11},
  pages={916--921},
  year={1989},
  publisher={Am Coll Physicians}
}

@article{nicholson1998hardwired,
  title={How hardwired is human behavior?},
  author={Nicholson, Nigel},
  journal={Harvard Business Review},
  volume={76},
  pages={134--147},
  year={1998}
}
